
@article{ngram,
  title = "Stochastic Language Models (N-Gram) Specification, \url{http://www.w3.org/TR/ngram-spec/}"

@book{CsatoBodo,
  author = "Csató Lehel and Bodó Zalán",
  title = "Neurális hálók és a gépi tanulás módszerei",
  publisher = "Kolozsvári Egyetemi Kiadó",
  year = "2008"
}

