
@misc{FESTMain,
  author = {easytesting.org},
  title = {FEST},
   url  = {https://code.google.com/p/fest/}
}
 
@misc{OracleSwingThreading,
  title = {Oracle. Swing's Threading Policy},
  author = {Oracle},
   url  = {http://docs.oracle.com/javase/6/docs/api/javax/swing/package-summary.html\#threading}
}
 
@misc{FESTxvfb,
  title = {Running FEST under Xvfb},
  author = {easytesting.org},
   url  = {http://docs.codehaus.org/display/FEST/Running+FEST+under+Xvfb}
}
  
@misc{HudsonUnderWindows,
  title = {Hudson under Windows},
  author = {easytesting.org},
   url  = {http://docs.codehaus.org/display/FEST/Hudson+under+Windows}
}
 
@misc{Cacio_Tta_FEST,
  title = {How to use {Cacio-tta} with {FEST} for {Java} {GUI} testing},
  author = {Kennke, Roman},
   url  = {http://docs.codehaus.org/display/FEST/Hudson+under+Windows}
}
 
@misc{IntroDnD,
  title = {Introduction to DnD},
  author = {Oracle},
   url  = {http://docs.oracle.com/javase/tutorial/uiswing/dnd/intro.html}
}
 
@misc{AOPwiki,
  title = {Aspect-Oriented Programming},
 author = {Wikipedia},
   url  = {http://en.wikipedia.org/w/index.php?title=Aspect-oriented_programming\&oldid=584864094}
}
 
@misc{DnDSubsystem,
  title = {Drag and Drop Subsystem for the Java 2 Platform Standard Edition 5.0},
 author = {Oracle},
   url  = {http://docs.oracle.com/javase/7/docs/technotes/guides/dragndrop/spec/dnd1.html}
}
 
@misc{ScalaWiki,
  title = {Scala (programming language)},
 author = {Wikipedia},
   url  = {http://en.wikipedia.org/w/index.php?title=Scala_(programming_language)\&oldid=585949023}
}

@misc{SpringWiki,
  title = {Spring Framework},
 author = {Wikipedia},
   url  = {http://en.wikipedia.org/w/index.php?title=Spring_Framework\&oldid=586040695}
}
 
@misc{MavenWiki,
  title = {Apache Maven},
 author = {Wikipedia},
   url  = {http://en.wikipedia.org/w/index.php?title=Apache_Maven\&oldid=585452308}
}

@misc{AkkaDataflow,
  title = {Akka --- Dataflow Concurrency},
  author = {Typesafe},
  url = {http://doc.akka.io/docs/akka/2.3-M1/scala/dataflow.html}
}



@TechReport{EPFL-REPORT-176887,
   abstract    = {Programming interactive systems by means of the observer
                 pattern is hard and error-prone yet is still the
                 implementation standard in many production environments.
                 We show how to integrate different reactive programming
                 abstractions into a single framework that help migrate
                 from observer-based event handling logic to more
                 declarative implementations. Our central API layer embeds
                 an extensible higher-order data-flow DSL into our host
                 language. This embedding is enabled by a continuation
                 passing style transformation.},
   affiliation = {EPFL},
   author      = {Maier, Ingo and Odersky, Martin},
   details     = {http://infoscience.epfl.ch/record/176887},
   documenturl = {http://infoscience.epfl.ch/record/176887/files/DeprecatingObservers2012.pdf},
   keywords    = {reactive programming; data flow; Scala},
   oai-id      = {oai:infoscience.epfl.ch:176887},
   oai-set     = {driver},
   pagecount   = {20},
   status      = {PUBLISHED},
   submitter   = {177179; 177179},
   title       = {Deprecating the {O}bserver {P}attern with {S}cala.{R}eact},
   unit        = {LAMP},
   year        = 2012
}


@article{ScalaSwing,
  author = {Ingo Maier},
  title = {The scala.swing package},
  year = 2009,
  url = {http://www.scala-lang.org/old/sites/default/files/sids/imaier/Mon,\%202009-11-02,\%2008:55/scala-swing-design.pdf}
}

@article{CPSTransform,
 author = {Rompf, Tiark and Maier, Ingo and Odersky, Martin},
 title = {Implementing First-class Polymorphic Delimited Continuations by a Type-directed Selective CPS-transform},
 journal = {SIGPLAN Not.},
 issue_date = {September 2009},
 volume = {44},
 number = {9},
 month = aug,
 year = {2009},
 issn = {0362-1340},
 pages = {317--328},
 numpages = {12},
 url = {http://doi.acm.org/10.1145/1631687.1596596},
 doi = {10.1145/1631687.1596596},
 acmid = {1596596},
 publisher = {ACM},
 address = {New York, NY, USA},
 keywords = {control effects, delimited continuations, program transformation, selective CPS transform},
} 

@misc{ReactiveManifesto,
  title = {The Reactive Manifesto},
  author = {Typesafe},
   url  = {http://www.reactivemanifesto.org/}
}

@misc{SwingWiki,
  title = {Swing (Java)},
  author = {Wikipedia},
   url  = {http://en.wikipedia.org/wiki/Swing_(Java)}
}

@techreport{OderskyEtAl2004,
  added-at = {2007-12-30T23:15:55.000+0100},
  author = {Martin Odersky and al.},
  biburl = {http://www.bibsonomy.org/bibtex/2bf283793321b856bcb6613c10508f7c3/fsteeg},
  description = {Martin Odersky's Papers: An Overview of the Scala Programming Language},
  institution = {EPFL Lausanne, Switzerland},
  interhash = {668a932eb87ae21bcd92529b24b8c614},
  intrahash = {bf283793321b856bcb6613c10508f7c3},
  keywords = {scala},
  number = {IC/2004/64},
  timestamp = {2007-12-30T23:15:55.000+0100},
  title = {An Overview of the Scala Programming Language},
  year = 2004
}

% gang of four --- observer
@book{Gamma:1995:DPE:186897,
 author = {Gamma, Erich and Helm, Richard and Johnson, Ralph and Vlissides, John},
 title = {Design Patterns: Elements of Reusable Object-oriented Software},
 year = {1995},
 isbn = {0-201-63361-2},
 publisher = {Addison-Wesley Longman Publishing Co., Inc.},
 address = {Boston, MA, USA},
} 


% mvc
@article{krasner_description_1988,
  added-at = {2009-12-03T23:52:31.000+0100},
  author = {Krasner, G. and Pope, S.},
  biburl = {http://www.bibsonomy.org/bibtex/2ad8853a631d45255514cb6a8d1db8059/ekstrand},
  description = {Interactive app dev BibTeX},
  interhash = {32ca434b20b5f1ac83179fff77065370},
  intrahash = {ad8853a631d45255514cb6a8d1db8059},
  journal = {Journal of Object Oriented Programming},
  keywords = {pending},
  number = 3,
  pages = {26--49},
  timestamp = {2009-12-03T23:52:31.000+0100},
  title = {A Description of the {Model-View-Controller} User Interface Paradigm in the Smalltalk-80 System},
  url = {http://citeseer.ist.psu.edu/krasner88description.html},
  volume = 1,
  year = 1988
}

@inproceedings{rescala:2014,
  author = {Salvaneschi, Guido and Hintz, Gerold and Mezini, Mira},
  title = {{REScala: Bridging Between Object-oriented and Functional Style in Reactive Applications}},
  booktitle = {{Modularity '14 - 13th International Conference on Modularity - 2014}},
  year = 2014,
  month = Apr,
  location = {Lugano, Switzerland},
  publisher = {ACM Press}
}

@book{Robinson:1999:SWI:554530,
 author = {Robinson, Matthew and Vorobiev, Pavel},
 title = {Swing},
 year = {1999},
 isbn = {1884777848},
 edition = {1st},
 publisher = {Manning Publications Co.},
 address = {Greenwich, CT, USA},
} 

@INPROCEEDINGS{Kiczales97aspect-orientedprogramming,
    author = {Gregor Kiczales and John Lamping and Anurag Mendhekar and Chris Maeda and Cristina Lopes and Jean-marc Loingtier and John Irwin},
    title = {Aspect-oriented programming},
    booktitle = {ECOOP},
    year = {1997},
    publisher = {SpringerVerlag}
}


@book{Colyer:2004:EAA:1407791,
 author = {Colyer, Adrian and Clement, Andy and Harley, George and Webster, Matthew},
 title = {Eclipse Aspectj: Aspect-oriented Programming with Aspectj and the Eclipse Aspectj Development Tools},
 year = {2004},
 isbn = {0321245873},
 edition = {First},
 publisher = {Addison-Wesley Professional},
} 

@misc{JUnit,
  title = {JUnit},
 author = {JUnit},
   url  = {http://junit.org/}
}
 

@misc{ScalaNonDeterministicEvaluation,
  title = {Nondeterministic {E}valuation in {S}cala},
 author = {Jim McBeath},
   url  = {http://jim-mcbeath.blogspot.ro/2010/11/nondeterministic-evaluation-in-scala.html}
}
 

@misc{ScalaGenerators,
  title = {Scala {G}enerators},
 author = {Jim McBeath},
   url  = {http://jim-mcbeath.blogspot.ro/2010/09/scala-generators.html}
}


@MISC{Asai11introductionto,
    author = {Kenichi Asai and Oleg Kiselyov},
    title = {Introduction to programming with shift and reset},
    url = {http://pllab.is.ocha.ac.jp/~asai/cw2011tutorial/ main-e.pdf},
    year = {2011}
}

@INPROCEEDINGS{Danvy90abstractingcontrol,
    author = {Olivier Danvy and Andrzej Filinski},
    title = {Abstracting Control},
    booktitle = {In Proceedings of the 1990 ACM Conference on LISP and Functional Programming},
    year = {1990},
    pages = {151--160},
    publisher = {ACM Press}
}

@misc{SwarmConcurrency,
  title = {Swarm - {C}oncurrency with {S}cala {C}ontinuations},
 author = {Phil Bagwell},
   url  = {http://jim-mcbeath.blogspot.ro/2010/09/scala-generators.html}
}







